[gd_scene load_steps=14 format=2]

[ext_resource path="res://src/stages/normal.gd" type="Script" id=1]
[ext_resource path="res://res/font/natural_sugars.ttf" type="DynamicFontData" id=2]

[sub_resource type="DynamicFont" id=1]

size = 50
outline_size = 0
outline_color = Color( 1, 1, 1, 1 )
use_mipmaps = false
use_filter = false
font_data = ExtResource( 2 )
_sections_unfolded = [ "Font", "Settings" ]

[sub_resource type="DynamicFont" id=2]

size = 20
outline_size = 0
outline_color = Color( 1, 1, 1, 1 )
use_mipmaps = false
use_filter = false
font_data = ExtResource( 2 )
_sections_unfolded = [ "Font", "Settings" ]

[sub_resource type="DynamicFont" id=3]

size = 15
outline_size = 0
outline_color = Color( 1, 1, 1, 1 )
use_mipmaps = false
use_filter = false
font_data = ExtResource( 2 )
_sections_unfolded = [ "Font", "Settings" ]

[sub_resource type="Animation" id=4]

length = 1.0
loop = false
step = 0.1
tracks/0/type = "value"
tracks/0/path = NodePath("title:rect_position")
tracks/0/interp = 1
tracks/0/loop_wrap = true
tracks/0/imported = false
tracks/0/enabled = true
tracks/0/keys = {
"times": PoolRealArray( 0, 1 ),
"transitions": PoolRealArray( 1, 1 ),
"update": 0,
"values": [ Vector2( 72, 105 ), Vector2( 72, -210 ) ]
}
tracks/1/type = "value"
tracks/1/path = NodePath("start:rect_position")
tracks/1/interp = 1
tracks/1/loop_wrap = true
tracks/1/imported = false
tracks/1/enabled = true
tracks/1/keys = {
"times": PoolRealArray( 0, 1 ),
"transitions": PoolRealArray( 1, 1 ),
"update": 0,
"values": [ Vector2( 91, 203 ), Vector2( 91, -100 ) ]
}
tracks/2/type = "value"
tracks/2/path = NodePath("bstscore:rect_position")
tracks/2/interp = 1
tracks/2/loop_wrap = true
tracks/2/imported = false
tracks/2/enabled = true
tracks/2/keys = {
"times": PoolRealArray( 0, 1 ),
"transitions": PoolRealArray( 1, 1 ),
"update": 0,
"values": [ Vector2( 15, 295 ), Vector2( 15, -30 ) ]
}

[sub_resource type="DynamicFont" id=5]

size = 50
outline_size = 0
outline_color = Color( 1, 1, 1, 1 )
use_mipmaps = false
use_filter = false
font_data = ExtResource( 2 )
_sections_unfolded = [ "Font", "Settings" ]

[sub_resource type="DynamicFont" id=6]

size = 20
outline_size = 0
outline_color = Color( 1, 1, 1, 1 )
use_mipmaps = false
use_filter = false
font_data = ExtResource( 2 )
_sections_unfolded = [ "Font", "Settings" ]

[sub_resource type="DynamicFont" id=7]

size = 20
outline_size = 0
outline_color = Color( 1, 1, 1, 1 )
use_mipmaps = false
use_filter = false
font_data = ExtResource( 2 )
_sections_unfolded = [ "Extra Spacing", "Font", "Settings" ]

[sub_resource type="DynamicFont" id=11]

size = 15
outline_size = 0
outline_color = Color( 1, 1, 1, 1 )
use_mipmaps = false
use_filter = false
font_data = ExtResource( 2 )
_sections_unfolded = [ "Font", "Settings" ]

[sub_resource type="Animation" id=8]

length = 1.0
loop = false
step = 0.1
tracks/0/type = "value"
tracks/0/path = NodePath("failed:rect_position")
tracks/0/interp = 1
tracks/0/loop_wrap = true
tracks/0/imported = false
tracks/0/enabled = true
tracks/0/keys = {
"times": PoolRealArray( 0, 1 ),
"transitions": PoolRealArray( 1, 1 ),
"update": 0,
"values": [ Vector2( 72, 350 ), Vector2( 72, 105 ) ]
}
tracks/1/type = "value"
tracks/1/path = NodePath("start:rect_position")
tracks/1/interp = 1
tracks/1/loop_wrap = true
tracks/1/imported = false
tracks/1/enabled = true
tracks/1/keys = {
"times": PoolRealArray( 0, 1 ),
"transitions": PoolRealArray( 1, 1 ),
"update": 0,
"values": [ Vector2( 91, 450 ), Vector2( 91, 203 ) ]
}
tracks/2/type = "value"
tracks/2/path = NodePath("your_score:rect_position")
tracks/2/interp = 1
tracks/2/loop_wrap = true
tracks/2/imported = false
tracks/2/enabled = true
tracks/2/keys = {
"times": PoolRealArray( 0, 1 ),
"transitions": PoolRealArray( 1, 1 ),
"update": 0,
"values": [ Vector2( 116, 512 ), Vector2( 101, 267 ) ]
}
tracks/3/type = "value"
tracks/3/path = NodePath("failbstscore:rect_position")
tracks/3/interp = 1
tracks/3/loop_wrap = true
tracks/3/imported = false
tracks/3/enabled = true
tracks/3/keys = {
"times": PoolRealArray( 0, 1 ),
"transitions": PoolRealArray( 1, 1 ),
"update": 0,
"values": [ Vector2( 14, 332 ), Vector2( 16, 34 ) ]
}

[sub_resource type="Animation" id=9]

length = 1.0
loop = false
step = 0.1
tracks/0/type = "value"
tracks/0/path = NodePath("failed:rect_position")
tracks/0/interp = 1
tracks/0/loop_wrap = true
tracks/0/imported = false
tracks/0/enabled = true
tracks/0/keys = {
"times": PoolRealArray( 0, 1 ),
"transitions": PoolRealArray( 1, 1 ),
"update": 0,
"values": [ Vector2( 72, 105 ), Vector2( 72, -200 ) ]
}
tracks/1/type = "value"
tracks/1/path = NodePath("start:rect_position")
tracks/1/interp = 1
tracks/1/loop_wrap = true
tracks/1/imported = false
tracks/1/enabled = true
tracks/1/keys = {
"times": PoolRealArray( 0, 1 ),
"transitions": PoolRealArray( 1, 1 ),
"update": 0,
"values": [ Vector2( 91, 203 ), Vector2( 91, -100 ) ]
}
tracks/2/type = "value"
tracks/2/path = NodePath("your_score:rect_position")
tracks/2/interp = 1
tracks/2/loop_wrap = true
tracks/2/imported = false
tracks/2/enabled = true
tracks/2/keys = {
"times": PoolRealArray( 0, 1 ),
"transitions": PoolRealArray( 1, 1 ),
"update": 0,
"values": [ Vector2( 101, 267 ), Vector2( 116, -41 ) ]
}
tracks/3/type = "value"
tracks/3/path = NodePath("failbstscore:rect_position")
tracks/3/interp = 1
tracks/3/loop_wrap = true
tracks/3/imported = false
tracks/3/enabled = true
tracks/3/keys = {
"times": PoolRealArray( 0, 1 ),
"transitions": PoolRealArray( 1, 1 ),
"update": 0,
"values": [ Vector2( 16, 34 ), Vector2( 16, -250 ) ]
}

[sub_resource type="DynamicFont" id=10]

size = 30
outline_size = 0
outline_color = Color( 1, 1, 1, 1 )
use_mipmaps = false
use_filter = false
font_data = ExtResource( 2 )
_sections_unfolded = [ "Font", "Settings" ]

[node name="normal" type="Node2D"]
script = ExtResource( 1 )

[node name="menu" type="Control" parent="."]
anchor_left = 0.0
anchor_top = 0.0
anchor_right = 0.0
anchor_bottom = 0.0
margin_right = 40.0
margin_bottom = 40.0
rect_pivot_offset = Vector2( 0, 0 )
rect_clip_content = false
mouse_filter = 0
mouse_default_cursor_shape = 0
size_flags_horizontal = 1
size_flags_vertical = 1

[node name="title" type="Label" parent="menu"]
anchor_left = 0.0
anchor_top = 0.0
anchor_right = 0.0
anchor_bottom = 0.0
margin_left = 72.0
margin_top = 105.0
margin_right = 357.0
margin_bottom = 160.0
rect_pivot_offset = Vector2( 0, 0 )
rect_clip_content = false
mouse_filter = 2
mouse_default_cursor_shape = 0
size_flags_horizontal = 1
size_flags_vertical = 4
custom_fonts/font = SubResource( 1 )
text = "Get Down!"
percent_visible = 1.0
lines_skipped = 0
max_lines_visible = -1
_sections_unfolded = [ "Rect", "Size Flags", "custom_fonts", "custom_fonts/font" ]

[node name="start" type="Label" parent="menu"]
anchor_left = 0.0
anchor_top = 0.0
anchor_right = 0.0
anchor_bottom = 0.0
margin_left = 91.0
margin_top = 203.0
margin_right = 335.0
margin_bottom = 225.0
rect_pivot_offset = Vector2( 0, 0 )
rect_clip_content = false
mouse_filter = 2
mouse_default_cursor_shape = 0
size_flags_horizontal = 1
size_flags_vertical = 4
custom_fonts/font = SubResource( 2 )
text = "Press start to play!"
percent_visible = 1.0
lines_skipped = 0
max_lines_visible = -1
_sections_unfolded = [ "Rect", "Theme", "custom_fonts", "custom_fonts/font" ]

[node name="bstscore" type="Label" parent="menu"]
anchor_left = 0.0
anchor_top = 0.0
anchor_right = 0.0
anchor_bottom = 0.0
margin_left = 15.0
margin_top = 295.0
margin_right = 122.0
margin_bottom = 312.0
rect_pivot_offset = Vector2( 0, 0 )
rect_clip_content = false
mouse_filter = 2
mouse_default_cursor_shape = 0
size_flags_horizontal = 1
size_flags_vertical = 4
custom_fonts/font = SubResource( 3 )
text = "Bestscore: "
percent_visible = 1.0
lines_skipped = 0
max_lines_visible = -1
_sections_unfolded = [ "Rect", "custom_fonts", "custom_fonts/font" ]

[node name="anim" type="AnimationPlayer" parent="menu"]
root_node = NodePath("..")
autoplay = ""
playback_process_mode = 1
playback_default_blend_time = 0.0
playback_speed = 1.0
anims/slide_up = SubResource( 4 )
blend_times = [  ]

[node name="fail" type="Control" parent="."]
anchor_left = 0.0
anchor_top = 0.0
anchor_right = 0.0
anchor_bottom = 0.0
margin_right = 40.0
margin_bottom = 40.0
rect_pivot_offset = Vector2( 0, 0 )
rect_clip_content = false
mouse_filter = 0
mouse_default_cursor_shape = 0
size_flags_horizontal = 1
size_flags_vertical = 1

[node name="failed" type="Label" parent="fail"]
anchor_left = 0.0
anchor_top = 0.0
anchor_right = 0.0
anchor_bottom = 0.0
margin_left = 72.0
margin_top = -200.0
margin_right = 351.0
margin_bottom = -145.0
rect_pivot_offset = Vector2( 0, 0 )
rect_clip_content = false
mouse_filter = 2
mouse_default_cursor_shape = 0
size_flags_horizontal = 1
size_flags_vertical = 4
custom_fonts/font = SubResource( 5 )
text = "You Failed"
percent_visible = 1.0
lines_skipped = 0
max_lines_visible = -1
_sections_unfolded = [ "Rect", "custom_fonts", "custom_fonts/font" ]

[node name="start" type="Label" parent="fail"]
anchor_left = 0.0
anchor_top = 0.0
anchor_right = 0.0
anchor_bottom = 0.0
margin_left = 91.0
margin_top = -100.0
margin_right = 335.0
margin_bottom = -78.0
rect_pivot_offset = Vector2( 0, 0 )
rect_clip_content = false
mouse_filter = 2
mouse_default_cursor_shape = 0
size_flags_horizontal = 1
size_flags_vertical = 4
custom_fonts/font = SubResource( 6 )
text = "Press start to play!"
percent_visible = 1.0
lines_skipped = 0
max_lines_visible = -1
_sections_unfolded = [ "Rect", "custom_fonts", "custom_fonts/font" ]

[node name="your_score" type="Label" parent="fail"]
anchor_left = 0.0
anchor_top = 0.0
anchor_right = 0.0
anchor_bottom = 0.0
margin_left = 116.0
margin_top = -41.0
margin_right = 264.0
margin_bottom = -19.0
rect_pivot_offset = Vector2( 0, 0 )
rect_clip_content = false
mouse_filter = 2
mouse_default_cursor_shape = 0
size_flags_horizontal = 1
size_flags_vertical = 4
custom_fonts/font = SubResource( 7 )
text = "Your Score: "
percent_visible = 1.0
lines_skipped = 0
max_lines_visible = -1
_sections_unfolded = [ "Rect", "custom_fonts", "custom_fonts/font" ]

[node name="failbstscore" type="Label" parent="fail"]
anchor_left = 0.0
anchor_top = 0.0
anchor_right = 0.0
anchor_bottom = 0.0
margin_left = 16.0
margin_top = -250.0
margin_right = 123.0
margin_bottom = -233.0
rect_pivot_offset = Vector2( 0, 0 )
rect_clip_content = false
mouse_filter = 2
mouse_default_cursor_shape = 0
size_flags_horizontal = 1
size_flags_vertical = 4
custom_fonts/font = SubResource( 11 )
text = "Bestscore: "
percent_visible = 1.0
lines_skipped = 0
max_lines_visible = -1
_sections_unfolded = [ "Rect", "custom_fonts", "custom_fonts/font" ]

[node name="anim" type="AnimationPlayer" parent="fail"]
root_node = NodePath("..")
autoplay = ""
playback_process_mode = 1
playback_default_blend_time = 0.0
playback_speed = 1.0
anims/slide_up = SubResource( 8 )
anims/slide_up_again = SubResource( 9 )
blend_times = [  ]

[node name="ui" type="Control" parent="."]
anchor_left = 0.0
anchor_top = 0.0
anchor_right = 0.0
anchor_bottom = 0.0
margin_right = 40.0
margin_bottom = 40.0
rect_pivot_offset = Vector2( 0, 0 )
rect_clip_content = false
mouse_filter = 0
mouse_default_cursor_shape = 0
size_flags_horizontal = 1
size_flags_vertical = 1

[node name="score" type="Label" parent="ui"]
anchor_left = 0.0
anchor_top = 0.0
anchor_right = 0.0
anchor_bottom = 0.0
margin_left = 190.0
margin_top = 11.0
margin_right = 213.0
margin_bottom = 44.0
rect_pivot_offset = Vector2( 0, 0 )
rect_clip_content = false
mouse_filter = 2
mouse_default_cursor_shape = 0
size_flags_horizontal = 1
size_flags_vertical = 4
custom_fonts/font = SubResource( 10 )
text = "0"
percent_visible = 1.0
lines_skipped = 0
max_lines_visible = -1
_sections_unfolded = [ "Rect", "custom_fonts", "custom_fonts/font" ]

