[gd_scene load_steps=23 format=2]

[ext_resource path="res://src/player/player.gd" type="Script" id=1]
[ext_resource path="res://res/images/player/tile512.png" type="Texture" id=2]
[ext_resource path="res://res/images/player/tile513.png" type="Texture" id=3]
[ext_resource path="res://res/images/player/tile514.png" type="Texture" id=4]
[ext_resource path="res://res/images/player/tile515.png" type="Texture" id=5]
[ext_resource path="res://res/images/player/tile544.png" type="Texture" id=6]
[ext_resource path="res://res/images/player/tile545.png" type="Texture" id=7]
[ext_resource path="res://res/images/player/tile516.png" type="Texture" id=8]
[ext_resource path="res://res/images/player/tile517.png" type="Texture" id=9]
[ext_resource path="res://res/images/player/tile546.png" type="Texture" id=10]
[ext_resource path="res://res/images/player/tile547.png" type="Texture" id=11]
[ext_resource path="res://res/images/player/tile548.png" type="Texture" id=12]
[ext_resource path="res://res/images/player/tile549.png" type="Texture" id=13]
[ext_resource path="res://res/images/player/tile550.png" type="Texture" id=14]
[ext_resource path="res://res/images/player/tile551.png" type="Texture" id=15]
[ext_resource path="res://res/images/player/tile518.png" type="Texture" id=16]
[ext_resource path="res://res/images/player/tile519.png" type="Texture" id=17]
[ext_resource path="res://res/audio/sfx/jump.wav" type="AudioStream" id=18]
[ext_resource path="res://res/audio/sfx/hit.wav" type="AudioStream" id=19]

[sub_resource type="SpriteFrames" id=1]

animations = [ {
"frames": [ ExtResource( 2 ), ExtResource( 3 ), ExtResource( 4 ), ExtResource( 5 ) ],
"loop": true,
"name": "idle",
"speed": 7.0
}, {
"frames": [ ExtResource( 6 ), ExtResource( 7 ) ],
"loop": false,
"name": "jumping",
"speed": 7.0
}, {
"frames": [ ExtResource( 5 ), ExtResource( 8 ), ExtResource( 9 ) ],
"loop": false,
"name": "ducking",
"speed": 7.0
}, {
"frames": [ ExtResource( 6 ), ExtResource( 7 ), ExtResource( 10 ), ExtResource( 11 ), ExtResource( 12 ), ExtResource( 13 ), ExtResource( 14 ), ExtResource( 15 ) ],
"loop": true,
"name": "running",
"speed": 10.0
}, {
"frames": [ ExtResource( 14 ), ExtResource( 10 ) ],
"loop": false,
"name": "landing",
"speed": 7.0
}, {
"frames": [ ExtResource( 9 ), ExtResource( 16 ), ExtResource( 17 ) ],
"loop": false,
"name": "unducking",
"speed": 7.0
} ]

[sub_resource type="RectangleShape2D" id=2]

custom_solver_bias = 0.0
extents = Vector2( 4.62744, 6.54375 )

[sub_resource type="RectangleShape2D" id=3]

custom_solver_bias = 0.0
extents = Vector2( 5.11779, 6.64221 )

[node name="player" type="KinematicBody2D"]
input_pickable = false
collision_layer = 1
collision_mask = 1
collision/safe_margin = 0.08
motion/sync_to_physics = false
script = ExtResource( 1 )

[node name="animspr" type="AnimatedSprite" parent="."]
frames = SubResource( 1 )
animation = "idle"
playing = true
_sections_unfolded = [ "frames" ]

[node name="col" type="CollisionShape2D" parent="."]
position = Vector2( -0.332169, 1.49475 )
shape = SubResource( 2 )

[node name="area" type="Area2D" parent="."]
position = Vector2( 0.596642, 0.994402 )
input_pickable = true
gravity_vec = Vector2( 0, 1 )
gravity = 98.0
linear_damp = 0.1
angular_damp = 1.0
audio_bus_override = false
audio_bus_name = "Master"

[node name="col" type="CollisionShape2D" parent="area"]
position = Vector2( -1.09384, -0.0994425 )
shape = SubResource( 3 )

[node name="jump" type="AudioStreamPlayer2D" parent="."]
stream = ExtResource( 18 )
volume_db = 0.0
pitch_scale = 1.0
autoplay = false
stream_paused = false
max_distance = 2000.0
attenuation = 1.0
bus = "Master"
area_mask = 1

[node name="hit" type="AudioStreamPlayer2D" parent="."]
stream = ExtResource( 19 )
volume_db = 0.0
pitch_scale = 1.0
autoplay = false
stream_paused = false
max_distance = 2000.0
attenuation = 1.0
bus = "Master"
area_mask = 1

