[gd_scene load_steps=18 format=2]

[ext_resource path="res://src/enemy/enemy.gd" type="Script" id=1]
[ext_resource path="res://res/images/npc/tile736.png" type="Texture" id=2]
[ext_resource path="res://res/images/npc/tile737.png" type="Texture" id=3]
[ext_resource path="res://res/images/npc/tile738.png" type="Texture" id=4]
[ext_resource path="res://res/images/npc/tile739.png" type="Texture" id=5]
[ext_resource path="res://res/images/npc/tile740.png" type="Texture" id=6]
[ext_resource path="res://res/images/npc/tile741.png" type="Texture" id=7]
[ext_resource path="res://res/images/npc/tile743.png" type="Texture" id=8]
[ext_resource path="res://res/images/npc/tile744.png" type="Texture" id=9]
[ext_resource path="res://res/images/npc/tile745.png" type="Texture" id=10]
[ext_resource path="res://res/images/npc/tile746.png" type="Texture" id=11]
[ext_resource path="res://res/images/npc/tile747.png" type="Texture" id=12]
[ext_resource path="res://res/images/npc/tile748.png" type="Texture" id=13]
[ext_resource path="res://res/audio/sfx/enemy.wav" type="AudioStream" id=14]



[sub_resource type="SpriteFrames" id=1]

animations = [ {
"frames": [ ExtResource( 2 ), ExtResource( 3 ), ExtResource( 4 ), ExtResource( 5 ), ExtResource( 6 ), ExtResource( 7 ) ],
"loop": true,
"name": "idle",
"speed": 7.0
}, {
"frames": [ ExtResource( 8 ), ExtResource( 9 ), ExtResource( 10 ), ExtResource( 11 ), ExtResource( 12 ), ExtResource( 13 ) ],
"loop": true,
"name": "walking",
"speed": 10.0
} ]

[sub_resource type="RectangleShape2D" id=2]

custom_solver_bias = 0.0
extents = Vector2( 6.66729, 8.16307 )

[sub_resource type="RectangleShape2D" id=3]

custom_solver_bias = 0.0
extents = Vector2( 6.81717, 8.91252 )

[node name="enemy" type="KinematicBody2D"]
input_pickable = false
collision_layer = 1
collision_mask = 1
collision/safe_margin = 0.08
motion/sync_to_physics = false
script = ExtResource( 1 )

[node name="animspr" type="AnimatedSprite" parent="."]
frames = SubResource( 1 )
animation = "idle"
frame = 1
playing = true
_sections_unfolded = [ "frames" ]

[node name="col" type="CollisionShape2D" parent="."]
position = Vector2( -0.59956, -0.149889 )
shape = SubResource( 2 )

[node name="area" type="Area2D" parent="."]
input_pickable = true
gravity_vec = Vector2( 0, 1 )
gravity = 98.0
linear_damp = 0.1
angular_damp = 1.0
audio_bus_override = false
audio_bus_name = "Master"

[node name="col" type="CollisionShape2D" parent="area"]
position = Vector2( -0.59956, 0 )
shape = SubResource( 3 )

[node name="robot" type="AudioStreamPlayer2D" parent="."]
stream = ExtResource( 14 )
volume_db = 0.0
pitch_scale = 1.0
autoplay = false
stream_paused = false
max_distance = 2000.0
attenuation = 1.0
bus = "Master"
area_mask = 1

